@article{agarwal2004approximating,
  title={Approximating extent measures of points},
  author={Agarwal, Pankaj K and Har-Peled, Sariel and Varadarajan, Kasturi R},
  journal={Journal of the ACM (JACM)},
  volume={51},
  number={4},
  pages={606--635},
  year={2004},
  publisher={ACM}
  \cite{test}
}


@article{agarwal2005geometric,
  title={Geometric approximation via coresets},
  author={Agarwal, Pankaj K and Har-Peled, Sariel and Varadarajan, Kasturi R},
  journal={Combinatorial and computational geometry},
  volume={52},
  pages={1--30},
  year={2005},
  publisher={Cambridge University Press, New York}
}


@article{chester2014computing,
  title={Computing k-regret minimizing sets},
  author={Chester, Sean and Thomo, Alex and Venkatesh, S and Whitesides, Sue},
  journal={Proceedings of the VLDB Endowment},
  volume={7},
  number={5},
  pages={389--400},
  year={2014},
  publisher={VLDB Endowment}
}


@inproceedings{chan2004faster,
  title={Faster core-set constructions and data stream algorithms in fixed dimensions},
  author={Chan, Timothy M},
  booktitle={Proceedings of the twentieth annual symposium on Computational geometry},
  pages={152--159},
  year={2004},
  organization={ACM}
}


@article{yu2008practical,
  title={Practical methods for shape fitting and kinetic data structures using coresets},
  author={Yu, Hai and Agarwal, Pankaj K and Poreddy, Raghunath and Varadarajan, Kasturi R},
  journal={Algorithmica},
  volume={52},
  number={3},
  pages={378--402},
  year={2008},
  publisher={Springer}
}


@article{chazelle1993cutting,
  title={Cutting hyperplanes for divide-and-conquer},
  author={Chazelle, Bernard},
  journal={Discrete \& Computational Geometry},
  volume={9},
  number={2},
  pages={145--158},
  year={1993},
  publisher={Springer}
}

@article{matouvsek1991approximate,
  title={Approximate levels in line arrangements},
  author={Matou{\v{s}}ek, Jir{\'\i}},
  journal={SIAM Journal on Computing},
  volume={20},
  number={2},
  pages={222--227},
  year={1991},
  publisher={SIAM}
}

@article{har2016approximating,
  title={Approximating the $ k $-Level in Three-Dimensional Plane Arrangements},
  author={Har-Peled, Sariel and Kaplan, Haim and Sharir, Micha},
  journal={arXiv preprint arXiv:1601.04755},
  year={2016}
}


@article{agarwal2008robust,
  title={Robust shape fitting via peeling and grating coresets},
  author={Agarwal, Pankaj K and Har-Peled, Sariel and Yu, Hai},
  journal={Discrete \& Computational Geometry},
  volume={39},
  number={1-3},
  pages={38--58},
  year={2008},
  publisher={Springer}
}


@article{nanongkai2010regret,
  title={Regret-minimizing representative databases},
  author={Nanongkai, Danupon and Sarma, Atish Das and Lall, Ashwin and Lipton, Richard J and Xu, Jun},
  journal={Proceedings of the VLDB Endowment},
  volume={3},
  number={1-2},
  pages={1114--1124},
  year={2010},
  publisher={VLDB Endowment}
}


@article{ilyas2008survey,
  title={A survey of top-k query processing techniques in relational database systems},
  author={Ilyas, Ihab F and Beskales, George and Soliman, Mohamed A},
  journal={ACM Computing Surveys (CSUR)},
  volume={40},
  number={4},
  pages={11},
  year={2008},
  publisher={ACM}
}

